@inproceedings{spampinato2014basic,
  title={A Basic Linear Algebra Compiler},
  author={Spampinato, Daniele G and P{\"u}schel, Markus},
  booktitle={Proceedings of Annual IEEE/ACM International Symposium on Code Generation and Optimization},
  pages={23},
  year={2014},
  organization={ACM}
}

@inproceedings{djoudi2005exploring,
  title={Exploring Application Performance: a New Tool for a Static/Dynamic
Approach},
  author={Djoudi, Lamia and Barthou, Denis and Carribault, Patrick and Lemuet,
Christophe and Acquaviva, Jean-Thomas and Jalby, William},
  booktitle={Proceedings of the 6th LACSI Symposium},
  year={2005}
}

@article{genovese2009density,
  title={Density functional theory calculation on many-cores hybrid central
processing unit-graphic processing unit architectures},
  author={Genovese, Luigi and Ospici, Matthieu and Deutsch, Thierry and
M{\'e}haut, Jean-Fran{\c{c}}ois and Neelov, Alexey and Goedecker, Stefan},
  journal={The Journal of chemical physics},
  volume={131},
  number={3},
  pages={034103},
  year={2009},
  publisher={AIP Publishing}
}


@article{komatitsch2011fluid,
  title={Fluid-Solid Coupling on a Cluster of {GPU} Graphics Cards for Seismic Wave Propagation},
  author={Komatitsch, Dimitri},
  journal={Comptes Rendus M{\'e}canique},
  volume={339},
  number={2},
  pages={125--135},
  year={2011},
  publisher={Elsevier}
}

@inproceedings{mucci1999papi,
  title={{PAPI: A Portable Interface to Hardware Performance Counters}},
  author={Mucci, P.J. and Browne, S. and Deane, C. and Ho, G.},
  booktitle={Proc. Dept. of Defense HPCMP Users Group Conference},
  pages={7--10},
  year={1999},
  organization={Citeseer}
}

@article{fursin:hal-01054763,
  TITLE = {Collective Mind: Towards Practical and Collaborative Auto-Tuning},
  AUTHOR = {Fursin, Grigori and Miceli, Renato and Lokhmotov, Anton and Gerndt, Michael and Baboulin, Marc and Malony, Allen, D. and Chamski, Zbigniew and Novillo, Diego and Vento, Davide Del},
  URL = {https://hal.inria.fr/hal-01054763},
  JOURNAL = {{Scientific Programming}},
  PUBLISHER = {{IOS Press}},
  SERIES = {Automatic Application Tuning for HPC Architectures},
  VOLUME = {22},
  NUMBER = {4},
  PAGES = {309-329},
  YEAR = {2014},
  MONTH = {July},
  DOI = {10.3233/SPR-140396},
  HAL_ID = {hal-01054763},
  HAL_VERSION = {v1}
}

@article{castro2013adaptive,
  title={Adaptive Sampling for Performance Characterization of Application Kernels},
  author={de Oliveira Castro, Pablo and Petit, Eric and Farjallah, Asma and Jalby, William},
  journal={Concurrency and Computation: Practice and Experience},
  volume={25},
  number={17},
  pages={2345--2362},
  year={2013},
  publisher={Wiley Online Library}
}

@article{dongarra1990set,
  title={A Set of Level 3 Basic Linear Algebra Subprograms},
  author={Dongarra, Jack J and Du Croz, Jeremy and Hammarling, Sven and Duff, Iain S},
  journal={ACM Transactions on Mathematical Software (TOMS)},
  volume={16},
  number={1},
  pages={1--17},
  year={1990},
  publisher={ACM}
}

@BOOK{laug,
  AUTHOR = {Anderson, E. and Bai, Z. and Bischof, C. and
            Blackford, S. and Demmel, J. and Dongarra, J. and
            Du Croz, J. and Greenbaum, A. and Hammarling, S. and
            McKenney, A. and Sorensen, D.},
  TITLE = {{LAPACK} Users' Guide},
  EDITION = {Third},
  PUBLISHER = {Society for Industrial and Applied Mathematics},
  YEAR = {1999},
  ADDRESS = {Philadelphia, PA},
  ISBN = {0-89871-447-8 (paperback)}
}

@ARTICLE{whaley04,
  AUTHOR = "R. Clint Whaley and Antoine Petitet",
  TITLE  = "Minimizing development and maintenance costs in supporting
          persistently optimized {BLAS}",
  JOURNAL= "Software: Practice and Experience",
  volume = "35",
  number = "2",
  pages  = "101-121",
  month  = "February",
  YEAR   = "2005",
}

@article{ragan2013halide,
  title={Halide: a language and compiler for optimizing parallelism, locality,
and recomputation in image processing pipelines},
  author={Ragan-Kelley, Jonathan and Barnes, Connelly and Adams, Andrew and
Paris, Sylvain and Durand, Fr{\'e}do and Amarasinghe, Saman},
  journal={ACM SIGPLAN Notices},
  volume={48},
  number={6},
  pages={519--530},
  year={2013},
  publisher={ACM}
}

@inproceedings{Hart2009:Orio,
  author = {Albert Hartono and Boyana Norris and Ponnuswamy Sadayappan},
  title = {Annotation-Based Empirical Performance Tuning Using {Orio}},
  booktitle = {Proceedings of the 23rd  IEEE International Parallel \&
Distributed Processing Symposium},
  address = {Rome, Italy},
  mykeywords = {empirical performance tuning, code generation},
  year = {2009},
  note = {Also available as Preprint ANL/MCS-P1556-1008},
  url = {http://www.mcs.anl.gov/uploads/cels/papers/P1556.pdf},
  mynote = {submitted 10/3/2008;  100 accepted out of 440, 23\%}
}

@article{puschel2004spiral,
  title={{SPIRAL}: A Generator for Platform-Adapted Libraries of Signal Processing
Algorithms},
  author={P{\"u}schel, Markus and Moura, Jos{\'e} MF and Singer, Bryan and
Xiong, Jianxin and Johnson, Jeremy and Padua, David and Veloso, Manuela and
Johnson, Robert W},
  journal={International Journal of High Performance Computing Applications},
  volume={18},
  number={1},
  pages={21--45},
  year={2004},
  publisher={SAGE Publications}
}

@inproceedings{yi2007poet,
  title={{POET}: Parameterized Optimizations for Empirical Tuning},
  author={Yi, Qing and Seymour, Keith and You, Haihang and Vuduc, Richard and
Quinlan, Dan},
  booktitle={Parallel and Distributed Processing Symposium, 2007. IPDPS 2007.
IEEE International},
  pages={1--8},
  year={2007},
  organization={IEEE}
}

@article{soliman2009performance,
  title={Performance Evaluation of Multi-Core {Intel} {Xeon} Processors on Basic
Linear Algebra Subprograms},
  author={Soliman, Mostafa I},
  journal={Parallel Processing Letters},
  volume={19},
  number={01},
  pages={159--174},
  year={2009},
  publisher={World Scientific}
}

@inproceedings{allen1984automatic,
  title={Automatic Loop Interchange},
  author={Allen, John R and Kennedy, Ken},
  booktitle={ACM SIGPLAN Notices},
  volume={19},
  number={6},
  pages={233--246},
  year={1984},
  organization={ACM}
}

@article{wolfe1986loops,
  title={Loops Skewing: The Wavefront Method Revisited},
  author={Wolfe, Michael},
  journal={International Journal of Parallel Programming},
  volume={15},
  number={4},
  pages={279--293},
  year={1986},
  publisher={Springer}
}

@article{wolf1991loop,
  title={A Loop Transformation Theory and an Algorithm to Maximize Parallelism},
  author={Wolf, Michael E and Lam, Monica S},
  journal={Parallel and Distributed Systems, IEEE Transactions on},
  volume={2},
  number={4},
  pages={452--471},
  year={1991},
  publisher={IEEE}
}

@inproceedings{videau2013boast,
  title={{BOAST}: Bringing Optimization through Automatic Source-to-Source Transformations},
  author={Cronsioe, Johan and Videau, Brice and Marangozova-Martin, Vania},
  booktitle={Embedded Multicore SoCs (MCSoC), 2013 IEEE 7th International Symposium on},
  pages={129--134},
  year={2013},
  organization={IEEE}
}

@ARTICLE{openmp,
        title={{OpenMP}: an Industry Standard {API} for Shared-Memory Programming},
        author={Dagum, L. and Menon, R.},
        journal={Computational Science \& Engineering, IEEE},
        year={1998},
        month={Jan-Mar},
        volume={5},
        number={1},
        pages={46--55},
        keywords={application program interfaces, parallel programming, shared memory systems, software portability, software reviews, software standards, Fortran, Fortran 90, Fortran 95, Fortran compiler, OpenMP, X3H5 concepts, allocatables, callable runtime library, callable runtime library routines, coarse grain parallelism, compiler directives, environment variables, industry standard API, pointers, shared memory parallelism, shared memory programming},
        ISSN={1070-9924}
}

@article{Goedecker1993,
  title = {Rotating a Three-Dimensional Array in an Optimal Position for Vector
Processing: Case Study for a Three-Dimensional Fast {Fourier} Transform},
  journal = {Computer Physics Communications},
  volume = {76},
  number = {3},
  pages = {294--300},
  year = {1993},
  ISSN = {0010-4655},
  author = {Stefan Goedecker}
}

@article{nussbaumer1982fast,
  title={{Fast Fourier Transform and Convolution Algorithms}},
  author={Nussbaumer, H.J.},
  journal={Berlin and New York, Springer-Verlag.},
  volume={2},
  year={1982}
}

@article{genovese2008daubechies,
  title={Daubechies Wavelets as a Basis Set for Density Functional
Pseudopotential Calculations},
  author={Genovese, Luigi and Neelov, Alexey and Goedecker, Stefan and Deutsch,
Thierry and Ghasemi, Seyed Alireza and Willand, Alexander and Caliste, Damien
and Zilberberg, Oded and Rayson, Mark and Bergman, Anders and others},
  journal={The Journal of chemical physics},
  volume={129},
  number={1},
  pages={014109},
  year={2008},
  publisher={AIP Publishing}
}

@incollection{videau2013optimizing,
  title={Optimizing {3D} Convolutions for Wavelet Transforms on {CPUs} with
{SSE} units and {GPUs}},
  author={Videau, Brice and Marangozova-Martin, Vania and Genovese, Luigi and
Deutsch, Thierry},
  booktitle={Euro-Par 2013 Parallel Processing},
  pages={826--837},
  year={2013},
  publisher={Springer}
}

@INPROCEEDINGS{Genovese|CAS2010,
        AUTHOR={Luigi Genovese and Brice Videau and Matthieu Ospici and Thierry
Deutsch and Stefan Goedecker and Jean-François Méhaut.},
        TITLE={Daubechies Wavelets for High Performance Electronic Structure
Calculations: the {BigDFT} Project.},
        BOOKTITLE={Compte-Rendu de l'Académie des Sciences, Calcul Intensif.},
        YEAR={2010},
        PUBLISHER={Académie des Sciences}
}

@misc{opencl_arm_training,
	title = {{Optimal Compute on ARM Mali GPUs}},
	author = {Chris Adeniyi-Jones},
	note = {\url{http://www.cs.bris.ac.uk/home/simonm/montblanc/OpenCL_on_Mali.pdf}}
}

@misc{opencl,
	title = {{OpenCL: Open Computing Language}},
	author = {{Khronos OpenCL consortium}},
	note = {\url{http://www.khronos.org/opencl/}}
}

@misc{cuda,
        title={{NVIDIA Compute Unified Device Architecture}},
        author={NVIDIA},
        year={2011},
        note = {\url{http://www.nvidia.com/object/cuda_home_new.html}}
}

@misc{bigdft,
        title = {The {BigDFT} Scientific Application},
        year = {2015},
        note = {\url{http://www.bigdft.org}},
}

@misc{mpi,
	title = {The Message Passing Interface ({MPI}) Standard},
        year = {2012},
        note = {\url{http://www.mcs.anl.gov/research/projects/mpi/}}
}

@article{lawson1979basic,
  title={Basic Linear Algebra Subprograms for {FORTRAN} Usage},
  author={Lawson, Chuck L and Hanson, Richard J. and Kincaid, David R and Krogh,
Fred T.},
  journal={ACM Transactions on Mathematical Software (TOMS)},
  volume={5},
  number={3},
  pages={308--323},
  year={1979},
  publisher={ACM}
}

@inproceedings{ye2011porting,
  title={Porting Optimized {GPU} Kernels to a Multi-Core {CPU}},
  author={Ye, Dong and Titov, Alexey and Kindratenko, Volodymyr and Ufimtsev, Ivan and Martinez, Todd},
  booktitle={Symposium on Application Accelerators in High-Performance Computing},
  year={2012}
}

@article{hudak1996building,
  title={Building Domain-Specific Embedded Languages},
  author={Hudak, Paul},
  journal={ACM Computing Surveys (CSUR)},
  volume={28},
  number={4es},
  year={1996},
  publisher={ACM}
}

@misc{matsumoto2002ruby,
  title={Ruby Programming Language},
  author={Matsumoto, Yukio and Ishituka, K},
  year={2002},
  publisher={Addison Wesley Publishing Company}
}

@book{flanagan2008ruby,
  title={The Ruby Programming Language},
  author={Flanagan, David and Matsumoto, Yukihiro},
  year={2008},
  publisher={" O'Reilly Media, Inc."}
}
