@inproceedings{videau2013boast,
  title={BOAST: Bringing Optimization through Automatic Source-to-Source Transformations},
  author={Cronsioe, Johan and Videau, Brice and Marangozova-Martin, Vania},
  booktitle={Embedded Multicore Socs (MCSoC), 2013 IEEE 7th International Symposium on},
  pages={129--134},
  year={2013},
  organization={IEEE}
}

@ARTICLE{openmp,
        title={OpenMP: an industry standard API for shared-memory programming},
        author={Dagum, L. and Menon, R.},
        journal={Computational Science \& Engineering, IEEE},
        year={1998},
        month={Jan-Mar},
        volume={5},
        number={1},
        pages={46-55},
        keywords={application program interfaces, parallel programming, shared memory systems, software portability, software reviews, software standardsFortran, Fortran 90, Fortran 95, Fortran compiler, OpenMP, X3H5 concepts, allocatables, callable runtime library, callable runtime library routines, coarse grain parallelism, compiler directives, environment variables, industry standard API, pointers, shared memory parallelism, shared memory programming},
        doi={10.1109/99.660313},
        ISSN={1070-9924}
}

@article{Goedecker1993,
  title = "Rotating a three-dimensional array in an optimal position for vector processing: case study for a three-dimensional fast Fourier transform",
  journal = "Computer Physics Communications",
  volume = "76",
  number = "3",
  pages = "294 - 300",
  year = "1993",
  issn = "0010-4655",
  doi = "DOI: 10.1016/0010-4655(93)90057-J",
  author = "S. Goedecker"
}

@article{nussbaumer1982fast,
  title={{Fast Fourier Transform and Convolution Algorithms}},
  author={Nussbaumer, H.J.},
  journal={Berlin and New York, Springer-Verlag.},
  volume={2},
  year={1982}
}

@INPROCEEDINGS{Genovese|CAS2010,
        AUTHOR="Luigi Genovese and Brice Videau and Matthieu Ospici and Thierry Deutsch and Stefan Goedecker and Jean-François Méhaut.",
        TITLE="{D}aubechies {W}avelets for {H}igh {P}erformance {E}lectronic {S}tructure {C}alculations: the {BigDFT} {P}roject.",
        BOOKTITLE="Compte-Rendu de l'Académie des Sciences, Calcul Intensif.",
        YEAR="2010",
        PUBLISHER="Académie des Sciences"
}

@misc{opencl,
	title = {{OpenCL: Open Computing Language}},
	author = {{Khronos OpenCL consortium}},
	note = {\url{http://www.khronos.org/opencl/}}
}

@misc{cuda,
        title={{NVIDIA Compute Unified Device Architecture}},
        author={NVIDIA},
        year={2011},
        note = {\url{http://www.nvidia.com/object/cuda_home_new.html}}
}

@misc{bigdft,
        title = {{The BigDFT Scientific Application}},
        year = {2012},
        note = {\url{http://inac.cea.fr/L Sim/BigDFT/}},
}

@misc{mpi,
	title = {The Message Passing Interface (MPI) Standard},
        year = {2012},
        note = {\url{http://www.mcs.anl.gov/research/projects/mpi/}}
} 
